[
  {
    "url": "https://www.nofrills.ca/en/roma-tomatoes/p/20143381001_KG?source=nspt",
    "title": "Roma Tomatoes",
    "price": "$0.79(est.)ea",
    "mem_price": "Member Price not available",
    "avg_weight": "Average weight is 0.12 KG",
    "pac_weight": "283 g",
    "weight_comp": "$6.59/ 1kg$2.99/ 1lb",
    "sale_detail": "No sale",
    "out_stock": "In stock",
    "timestamp": "2025-03-28T22:51:52.253Z"
  },
  {
    "url": "https://www.nofrills.ca/en/mango/p/20059635001_EA?source=nspt",
    "title": "Mango",
    "price": "$1.29ea",
    "mem_price": "Member Price not available",
    "avg_weight": "Weight not available",
    "pac_weight": "1 ea",
    "weight_comp": "$1.29/ 1ea",
    "sale_detail": "No sale",
    "out_stock": "In stock",
    "timestamp": "2025-03-28T22:51:55.258Z"
  },
  {
    "url": "https://www.nofrills.ca/en/cilantro/p/20091825001_EA?source=nspt",
    "title": "Cilantro",
    "price": "$0.99ea",
    "mem_price": "Member Price not available",
    "avg_weight": "Weight not available",
    "pac_weight": "1 ea",
    "weight_comp": "$0.99/ 1ea",
    "sale_detail": "No sale",
    "out_stock": "In stock",
    "timestamp": "2025-03-28T22:51:58.267Z"
  },
  {
    "url": "https://www.nofrills.ca/en/garlic-bulbs-3-count/p/21004355001_EA?source=nspt",
    "title": "Garlic Bulbs, 3-count",
    "price": "$0.99ea",
    "mem_price": "Member Price not available",
    "avg_weight": "Weight not available",
    "pac_weight": "90 g",
    "weight_comp": "$0.33/ 1ea",
    "sale_detail": "No sale",
    "out_stock": "In stock",
    "timestamp": "2025-03-28T22:52:01.373Z"
  },
  {
    "url": "https://www.nofrills.ca/en/ginger/p/20179038001_KG?source=nspt",
    "title": "Ginger",
    "price": "$0.92(est.)ea$1.38(est.)",
    "mem_price": "Member Price not available",
    "avg_weight": "Average weight is 0.21 KG",
    "pac_weight": "160 g",
    "weight_comp": "$4.39/ 1kg$1.99/ 1lb",
    "sale_detail": "SALE\nExp. 04/02\nSAVE $0.46",
    "out_stock": "In stock",
    "timestamp": "2025-03-28T22:52:04.336Z"
  },
  {
    "url": "https://www.nofrills.ca/en/colossal-garlic/p/20135581001_KG?source=nspt",
    "title": "Colossal Garlic",
    "price": "$1.32(est.)ea",
    "mem_price": "Member Price not available",
    "avg_weight": "Average weight is 0.1 KG",
    "pac_weight": "90 g",
    "weight_comp": "$13.21/ 1kg$5.99/ 1lb",
    "sale_detail": "No sale",
    "out_stock": "In stock",
    "timestamp": "2025-03-28T22:52:07.189Z"
  },
  {
    "url": "https://www.nofrills.ca/en/ritz-original-crackers/p/21646362_EA?source=nspt",
    "title": "RITZ Original Crackers",
    "price": "$1.25eaNon-members",
    "mem_price": "$1.00ea\nMember Price\nWhat is this?",
    "avg_weight": "Weight not available",
    "pac_weight": "96 g",
    "weight_comp": "$1.30/ 100g",
    "sale_detail": "No sale",
    "out_stock": "In stock",
    "timestamp": "2025-03-28T22:52:10.092Z"
  },
  {
    "url": "https://www.nofrills.ca/en/red-onions-3-lb-bag/p/20811362001_EA?source=nspt",
    "title": "Red Onions, 3 lb Bag",
    "price": "$5.99ea",
    "mem_price": "Member Price not available",
    "avg_weight": "Weight not available",
    "pac_weight": "1.36 kg",
    "weight_comp": "$0.44/ 100g",
    "sale_detail": "No sale",
    "out_stock": "In stock",
    "timestamp": "2025-03-28T22:52:13.484Z"
  },
  {
    "url": "https://www.nofrills.ca/en/ritz-original-crackers/p/21547034_EA?source=nspt",
    "title": "Ritz Original Crackers",
    "price": "$2.50ea$2.99",
    "mem_price": "Member Price not available",
    "avg_weight": "Weight not available",
    "pac_weight": "180 g",
    "weight_comp": "$1.39/ 100g",
    "sale_detail": "SALE\nExp. 04/09\nSAVE $0.49",
    "out_stock": "In stock",
    "timestamp": "2025-03-28T22:52:17.001Z"
  },
  {
    "url": "https://www.nofrills.ca/en/ah-caramel-the-original-cakes/p/20005728_EA?source=nspt",
    "title": "Ah CaramelÂ® The Original Cakes",
    "price": "$4.29ea",
    "mem_price": "Member Price not available",
    "avg_weight": "Weight not available",
    "pac_weight": "336 g",
    "weight_comp": "$1.28/ 100g",
    "sale_detail": "No sale",
    "out_stock": "In stock",
    "timestamp": "2025-03-28T22:52:19.722Z"
  },
  {
    "url": "https://www.nofrills.ca/en/smoked-black-forest-ham-slices/p/21592461_EA?source=nspt",
    "title": "Smoked Black Forest Ham Slices",
    "price": "$3.50ea",
    "mem_price": "Member Price not available",
    "avg_weight": "Weight not available",
    "pac_weight": "175 g",
    "weight_comp": "$2.00/ 100g",
    "sale_detail": "No sale",
    "out_stock": "In stock",
    "timestamp": "2025-03-28T22:52:22.304Z"
  },
  {
    "url": "https://www.nofrills.ca/en/jalapeno-peppers/p/20088387001_KG?source=nspt",
    "title": "Jalapeno Peppers",
    "price": "$0.55(est.)ea",
    "mem_price": "Member Price not available",
    "avg_weight": "Average weight is 0.05 KG",
    "pac_weight": "226 g",
    "weight_comp": "$11.00/ 1kg$4.99/ 1lb",
    "sale_detail": "No sale",
    "out_stock": "In stock",
    "timestamp": "2025-03-28T22:52:24.926Z"
  },
  {
    "url": "https://www.nofrills.ca/en/almond-beverage-unsweetened-original/p/20327647_EA?source=nspt",
    "title": "Almond Beverage, Unsweetened Original",
    "price": "$3.50ea$4.00",
    "mem_price": "Member Price not available",
    "avg_weight": "Weight not available",
    "pac_weight": "1.89 l",
    "weight_comp": "$0.19/ 100ml",
    "sale_detail": "SALE\nExp. 04/02\nSAVE $0.50",
    "out_stock": "In stock",
    "timestamp": "2025-03-28T22:52:27.738Z"
  },
  {
    "url": "https://www.nofrills.ca/en/curly-parsley/p/20015746001_EA?source=nspt",
    "title": "Curly Parsley",
    "price": "$1.99ea",
    "mem_price": "Member Price not available",
    "avg_weight": "Weight not available",
    "pac_weight": "1 ea",
    "weight_comp": "$1.99/ 1ea",
    "sale_detail": "No sale",
    "out_stock": "In stock",
    "timestamp": "2025-03-28T22:52:30.452Z"
  },
  {
    "url": "https://www.nofrills.ca/en/oat-beverage-original/p/21037796_EA?source=nspt",
    "title": "Oat Beverage, Original",
    "price": "$3.50ea$4.49",
    "mem_price": "Member Price not available",
    "avg_weight": "Weight not available",
    "pac_weight": "1.75 l",
    "weight_comp": "$0.20/ 100ml",
    "sale_detail": "SALE\nExp. 04/02\nSAVE $0.99",
    "out_stock": "In stock",
    "timestamp": "2025-03-28T22:52:33.352Z"
  },
  {
    "url": "https://www.nofrills.ca/en/ataulfo-mango/p/20121509001_EA?source=nspt",
    "title": "Ataulfo Mango",
    "price": "$1.99ea",
    "mem_price": "Member Price not available",
    "avg_weight": "Weight not available",
    "pac_weight": "1 ea",
    "weight_comp": "$1.99/ 1ea",
    "sale_detail": "No sale",
    "out_stock": "In stock",
    "timestamp": "2025-03-28T22:52:36.207Z"
  },
  {
    "url": "https://www.nofrills.ca/en/pacific-white-shrimp-raw-peeled-large/p/20789931_EA?source=nspt",
    "title": "Pacific White Shrimp Raw Peeled, Large",
    "price": "$10.99ea",
    "mem_price": "Member Price not available",
    "avg_weight": "Weight not available",
    "pac_weight": "400 g",
    "weight_comp": "$2.75/ 100g",
    "sale_detail": "No sale",
    "out_stock": "In stock",
    "timestamp": "2025-03-28T22:52:38.998Z"
  },
  {
    "url": "https://www.nofrills.ca/en/plantains-single/p/20111926001_KG?source=nspt",
    "title": "Plantains, Single",
    "price": "$0.94(est.)ea",
    "mem_price": "Member Price not available",
    "avg_weight": "Average weight is 0.33 KG",
    "pac_weight": "Package Avg weight unavailable",
    "weight_comp": "$2.84/ 1kg$1.29/ 1lb",
    "sale_detail": "No sale",
    "out_stock": "In stock",
    "timestamp": "2025-03-28T22:52:42.142Z"
  },
  {
    "url": "https://www.nofrills.ca/en/almond-for-coffee-vanilla-flavour-plant-based-dair/p/21245360_EA?source=nspt",
    "title": "Almond For Coffee, Vanilla Flavour, Plant Based Dairy Free Coffee Creamer",
    "price": "$5.29ea",
    "mem_price": "Member Price not available",
    "avg_weight": "Weight not available",
    "pac_weight": "890 ml",
    "weight_comp": "$0.59/ 100ml",
    "sale_detail": "No sale",
    "out_stock": "In stock",
    "timestamp": "2025-03-28T22:52:45.428Z"
  },
  {
    "url": "https://www.nofrills.ca/en/tofu-extra-firm/p/20570507_EA?source=nspt",
    "title": "Tofu, Extra Firm",
    "price": "$2.99ea",
    "mem_price": "Member Price not available",
    "avg_weight": "Weight not available",
    "pac_weight": "350 g",
    "weight_comp": "$0.85/ 100g",
    "sale_detail": "No sale",
    "out_stock": "In stock",
    "timestamp": "2025-03-28T22:52:48.369Z"
  },
  {
    "url": "https://www.nofrills.ca/en/lune-moon-vanilla-flavour-cakes/p/21027889_EA?source=nspt",
    "title": "Item unavailable",
    "price": "Price not available",
    "mem_price": "Member Price not available",
    "avg_weight": "Weight not available",
    "pac_weight": "Package Avg weight unavailable",
    "weight_comp": "Comparison not available",
    "sale_detail": "No sale",
    "out_stock": "In stock",
    "timestamp": "2025-03-28T22:52:50.883Z"
  },
  {
    "url": "https://www.nofrills.ca/en/purple-eggplants/p/20155709001_KG?source=nspt",
    "title": "Purple Eggplants",
    "price": "$3.76(est.)ea",
    "mem_price": "Member Price not available",
    "avg_weight": "Average weight is 0.57 KG",
    "pac_weight": "2x1.0 ea",
    "weight_comp": "$6.59/ 1kg$2.99/ 1lb",
    "sale_detail": "No sale",
    "out_stock": "In stock",
    "timestamp": "2025-03-28T22:52:53.479Z"
  },
  {
    "url": "https://www.nofrills.ca/en/almond-milk-alternative-zero-sugar-original-dairy/p/20328231002_EA?source=nspt",
    "title": "Almond Milk Alternative, Zero Sugar Original, Dairy-Free",
    "price": "$4.00ea",
    "mem_price": "Member Price not available",
    "avg_weight": "Weight not available",
    "pac_weight": "1.89 l",
    "weight_comp": "$0.21/ 100ml",
    "sale_detail": "No sale",
    "out_stock": "In stock",
    "timestamp": "2025-03-28T22:52:56.236Z"
  },
  {
    "url": "https://www.nofrills.ca/en/pepsi-cans/p/20306687002_C24?source=nspt",
    "title": "Pepsi Cans",
    "price": "$12.99ea$13.49",
    "mem_price": "Member Price not available",
    "avg_weight": "Weight not available",
    "pac_weight": "24x355.0 ml",
    "weight_comp": "$0.15/ 100ml",
    "sale_detail": "SALE\nExp. 04/02\nSAVE $0.50",
    "out_stock": "In stock",
    "timestamp": "2025-03-28T22:52:59.145Z"
  },
  {
    "url": "https://www.nofrills.ca/en/smoked-turkey-breast-slices/p/21590279_EA?source=nspt",
    "title": "Smoked Turkey Breast Slices",
    "price": "$3.50ea",
    "mem_price": "Member Price not available",
    "avg_weight": "Weight not available",
    "pac_weight": "175 g",
    "weight_comp": "$2.00/ 100g",
    "sale_detail": "No sale",
    "out_stock": "In stock",
    "timestamp": "2025-03-28T22:53:02.214Z"
  },
  {
    "url": "https://www.nofrills.ca/en/cola-zero-sugar-fridge-pack-cans/p/20318694001_C12?source=nspt",
    "title": "Cola Zero Sugar Fridge Pack Cans",
    "price": "$7.99ea",
    "mem_price": "Member Price not available",
    "avg_weight": "Weight not available",
    "pac_weight": "12x355.0 ml",
    "weight_comp": "$0.19/ 100ml",
    "sale_detail": "No sale",
    "out_stock": "In stock",
    "timestamp": "2025-03-28T22:53:05.252Z"
  },
  {
    "url": "https://www.nofrills.ca/en/tortilla-chips-salted/p/21031316_EA?source=nspt",
    "title": "Tortilla Chips Salted",
    "price": "$4.49ea",
    "mem_price": "Member Price not available",
    "avg_weight": "Weight not available",
    "pac_weight": "350 g",
    "weight_comp": "$1.28/ 100g",
    "sale_detail": "No sale",
    "out_stock": "In stock",
    "timestamp": "2025-03-28T22:53:08.483Z"
  },
  {
    "url": "https://www.nofrills.ca/en/kolbassa-sausage/p/20308469_EA?source=nspt",
    "title": "Kolbassa Sausage",
    "price": "$7.49ea",
    "mem_price": "Member Price not available",
    "avg_weight": "Weight not available",
    "pac_weight": "375 g",
    "weight_comp": "$19.97/ 1kg$2.00/ 100g",
    "sale_detail": "No sale",
    "out_stock": "In stock",
    "timestamp": "2025-03-28T22:53:11.366Z"
  },
  {
    "url": "https://www.nofrills.ca/en/traditional-naan-dippers/p/21092033_EA?source=nspt",
    "title": "Traditional Naan Dippers",
    "price": "$3.49ea$3.99",
    "mem_price": "Member Price not available",
    "avg_weight": "Weight not available",
    "pac_weight": "200 g",
    "weight_comp": "$1.75/ 100g",
    "sale_detail": "SALE\nExp. 04/02\nSAVE $0.50",
    "out_stock": "In stock",
    "timestamp": "2025-03-28T22:53:14.127Z"
  },
  {
    "url": "https://www.nofrills.ca/en/grass-fed-lean-ground-beef/p/21615428_EA?source=nspt",
    "title": "Grass Fed Lean Ground Beef",
    "price": "$7.00ea",
    "mem_price": "Member Price not available",
    "avg_weight": "Weight not available",
    "pac_weight": "450 g",
    "weight_comp": "$1.56/ 100g",
    "sale_detail": "No sale",
    "out_stock": "In stock",
    "timestamp": "2025-03-28T22:53:16.720Z"
  },
  {
    "url": "https://www.nofrills.ca/en/cola-fridge-pack-cans/p/20318694002_C12?source=nspt",
    "title": "Cola Fridge Pack Cans",
    "price": "$7.99ea",
    "mem_price": "Member Price not available",
    "avg_weight": "Weight not available",
    "pac_weight": "12x355.0 ml",
    "weight_comp": "$0.19/ 100ml",
    "sale_detail": "No sale",
    "out_stock": "In stock",
    "timestamp": "2025-03-28T22:53:18.957Z"
  },
  {
    "url": "https://www.nofrills.ca/en/cola-cans/p/20308197001_C24?source=nspt",
    "title": "Cola Cans",
    "price": "$12.99ea",
    "mem_price": "Member Price not available",
    "avg_weight": "Weight not available",
    "pac_weight": "24x355.0 ml",
    "weight_comp": "$0.15/ 100ml",
    "sale_detail": "No sale",
    "out_stock": "In stock",
    "timestamp": "2025-03-28T22:53:22.327Z"
  },
  {
    "url": "https://www.nofrills.ca/en/snap-peas/p/20712998_EA?source=nspt",
    "title": "Snap Peas",
    "price": "$3.99ea",
    "mem_price": "Member Price not available",
    "avg_weight": "Weight not available",
    "pac_weight": "227 g",
    "weight_comp": "$1.76/ 100g",
    "sale_detail": "No sale",
    "out_stock": "In stock",
    "timestamp": "2025-03-28T22:53:25.037Z"
  },
  {
    "url": "https://www.nofrills.ca/en/rapini/p/20048070001_EA?source=nspt",
    "title": "Rapini",
    "price": "$3.99ea",
    "mem_price": "Member Price not available",
    "avg_weight": "Weight not available",
    "pac_weight": "1 ea",
    "weight_comp": "$3.99/ 1ea",
    "sale_detail": "No sale",
    "out_stock": "In stock",
    "timestamp": "2025-03-28T22:53:28.295Z"
  },
  {
    "url": "https://www.nofrills.ca/en/pub-style-chicken-strips-fully-cooked/p/21191828_EA?source=nspt",
    "title": "Pub Style Chicken Strips, Fully Cooked",
    "price": "$11.99ea",
    "mem_price": "Member Price not available",
    "avg_weight": "Weight not available",
    "pac_weight": "700 g",
    "weight_comp": "$1.71/ 100g",
    "sale_detail": "No sale",
    "out_stock": "In stock",
    "timestamp": "2025-03-28T22:53:31.083Z"
  },
  {
    "url": "https://www.nofrills.ca/en/dragon-fruit/p/20168395001_EA?source=nspt",
    "title": "Dragon Fruit",
    "price": "$2.99ea",
    "mem_price": "Member Price not available",
    "avg_weight": "Weight not available",
    "pac_weight": "1 ea",
    "weight_comp": "$2.99/ 1ea",
    "sale_detail": "No sale",
    "out_stock": "In stock",
    "timestamp": "2025-03-28T22:53:34.003Z"
  },
  {
    "url": "https://www.nofrills.ca/en/oat-for-coffee-vanilla-plant-based-dairy-free-coff/p/21245361_EA?source=nspt",
    "title": "Oat For Coffee, Vanilla, Plant Based, Dairy Free Coffee Creamer",
    "price": "$5.29ea",
    "mem_price": "Member Price not available",
    "avg_weight": "Weight not available",
    "pac_weight": "890 ml",
    "weight_comp": "$0.59/ 100ml",
    "sale_detail": "No sale",
    "out_stock": "In stock",
    "timestamp": "2025-03-28T22:53:36.787Z"
  },
  {
    "url": "https://www.nofrills.ca/en/spinach-bunched/p/20162840001_EA?source=nspt",
    "title": "Spinach, Bunched",
    "price": "$1.99ea$2.29",
    "mem_price": "Member Price not available",
    "avg_weight": "Weight not available",
    "pac_weight": "1 ea",
    "weight_comp": "$1.99/ 1ea",
    "sale_detail": "SALE\nExp. 04/02\nSAVE $0.30",
    "out_stock": "In stock",
    "timestamp": "2025-03-28T22:53:39.586Z"
  },
  {
    "url": "https://www.nofrills.ca/en/cola-bottle/p/20316026002_EA?source=nspt",
    "title": "Cola Bottle",
    "price": "$2.25ea$2.69",
    "mem_price": "Member Price not available",
    "avg_weight": "Weight not available",
    "pac_weight": "2 l",
    "weight_comp": "$0.11/ 100ml",
    "sale_detail": "SALE\nExp. 04/02\nSAVE $0.44",
    "out_stock": "In stock",
    "timestamp": "2025-03-28T22:53:42.616Z"
  },
  {
    "url": "https://www.nofrills.ca/en/light-5-m-f-sour-cream/p/20304664_EA?source=nspt",
    "title": "Light 5% M.F. Sour Cream",
    "price": "$2.25ea",
    "mem_price": "Member Price not available",
    "avg_weight": "Weight not available",
    "pac_weight": "250 ml",
    "weight_comp": "$0.90/ 100ml",
    "sale_detail": "No sale",
    "out_stock": "In stock",
    "timestamp": "2025-03-28T22:53:45.381Z"
  },
  {
    "url": "https://www.nofrills.ca/en/beef-rib-eye-steak/p/20844458_EA?source=nspt",
    "title": "Beef Rib Eye Steak",
    "price": "$8.00ea",
    "mem_price": "Member Price not available",
    "avg_weight": "Weight not available",
    "pac_weight": "170 g",
    "weight_comp": "$4.71/ 100g",
    "sale_detail": "No sale",
    "out_stock": "In stock",
    "timestamp": "2025-03-28T22:53:48.156Z"
  },
  {
    "url": "https://www.nofrills.ca/en/malted-milk-chocolatey-eggs-in-a-candy-shell/p/21403017_EA?source=nspt",
    "title": "Malted Milk Chocolatey Eggs In A Candy Shell",
    "price": "$5.99ea",
    "mem_price": "Member Price not available",
    "avg_weight": "Weight not available",
    "pac_weight": "340 g",
    "weight_comp": "$1.76/ 100g",
    "sale_detail": "No sale",
    "out_stock": "In stock",
    "timestamp": "2025-03-28T22:53:51.071Z"
  },
  {
    "url": "https://www.nofrills.ca/en/meatless-meatballs/p/21126527_EA?source=nspt",
    "title": "Meatless Meatballs",
    "price": "$6.99ea",
    "mem_price": "Member Price not available",
    "avg_weight": "Weight not available",
    "pac_weight": "360 g",
    "weight_comp": "$1.94/ 100g",
    "sale_detail": "No sale",
    "out_stock": "In stock",
    "timestamp": "2025-03-28T22:53:53.990Z"
  },
  {
    "url": "https://www.nofrills.ca/en/outside-round-roast/p/20357601_KG?source=nspt",
    "title": "Outside Round Roast",
    "price": "$24.00(est.)ea",
    "mem_price": "Member Price not available",
    "avg_weight": "Average weight is 0.838 KG",
    "pac_weight": "Package Avg weight unavailable",
    "weight_comp": "$28.64/ 1kg$12.99/ 1lb",
    "sale_detail": "No sale",
    "out_stock": "This item is currently out of stock at this location.",
    "timestamp": "2025-03-28T22:53:56.863Z"
  },
  {
    "url": "https://www.nofrills.ca/en/rib-eye-steaks-montreal-spice/p/20985996_EA?source=nspt",
    "title": "Rib Eye Steaks, Montreal Spice",
    "price": "$12.00ea",
    "mem_price": "Member Price not available",
    "avg_weight": "Weight not available",
    "pac_weight": "290 g",
    "weight_comp": "$4.14/ 100g",
    "sale_detail": "No sale",
    "out_stock": "In stock",
    "timestamp": "2025-03-28T22:53:59.831Z"
  },
  {
    "url": "https://www.nofrills.ca/en/beef-knee-bones/p/20843806_KG?source=nspt",
    "title": "Beef Knee Bones",
    "price": "$7.37(est.)ea",
    "mem_price": "Member Price not available",
    "avg_weight": "Average weight is 0.54 KG",
    "pac_weight": "Package Avg weight unavailable",
    "weight_comp": "$13.65/ 1kg$6.19/ 1lb",
    "sale_detail": "No sale",
    "out_stock": "This item is currently out of stock at this location.",
    "timestamp": "2025-03-28T22:54:02.723Z"
  },
  {
    "url": "https://www.nofrills.ca/en/shirriff-lemon-pie-filling-dessert-mix/p/21615211_EA?source=nspt",
    "title": "Shirriff Lemon Pie Filling & Dessert Mix",
    "price": "$4.29ea",
    "mem_price": "Member Price not available",
    "avg_weight": "Weight not available",
    "pac_weight": "328 g",
    "weight_comp": "$1.31/ 100g",
    "sale_detail": "No sale",
    "out_stock": "In stock",
    "timestamp": "2025-03-28T22:54:05.411Z"
  },
  {
    "url": "https://www.nofrills.ca/en/artificial-vanilla-extract-club-size/p/20079183_EA?source=nspt",
    "title": "Artificial Vanilla Extract, Club Size",
    "price": "$9.00ea",
    "mem_price": "Member Price not available",
    "avg_weight": "Weight not available",
    "pac_weight": "1 l",
    "weight_comp": "$0.90/ 100ml",
    "sale_detail": "No sale",
    "out_stock": "In stock",
    "timestamp": "2025-03-28T22:54:07.921Z"
  }
]